%%literatur stuff
%% first argument after curly bracktes is the calling argument for the citation

% This file was created with Citavi 6.3.0.0


@misc{1,
 abstract = {Polarion},
 year = {3/18/2020},
 title = {{Polarion}},
 url = {https://www.competence-site.de/polarion-software-gmbh/},
 urldate = {3/24/2020}
}


@unpublished{2,
 author = {Esters, Paul-Heinz},
 title = {{M{\"o}gliche Themen f{\"u}r eine Bachelorarbeit}},
 file = {32195067-9107-4fe0-b0d1-2c893c02fe27:C\:\\Users\\z003nv5j\\AppData\\Local\\Swiss Academic Software\\Citavi 6\\ProjectCache\\p2dpj146dnq8ckykhhg5wgvl53lg6y2n0rzqivtmi4c\\Citavi Attachments\\32195067-9107-4fe0-b0d1-2c893c02fe27.docx:docx}
}


@misc{4,
 title = {{Elektrische Energie{\"u}bertragung und  -verteilung - Stationen  Kennzeichnung und Dokumentation: Teil 2: Kennzeichnung und Ordnung der Dokumentation nach IEC 61355}},
 url = {https://www.igevu.de/files/2_dokstruct_evu_2010_08_01.pdf},
 author = {{Interessengemeinschaft Energieverteilung}}
}


@misc{3,
 title = {{Elektrische Energie{\"u}bertragung und  -verteilung - Stationen  Kennzeichnung und Dokumentation: Teil 1:  Strukturierungsprinzipien und Referenzkennzeichnung nach IEC 81346}},
 url = {https://www.igevu.de/files/1_refkennz_evu_2011_05_18.pdf},
 author = {{Interessengemeinschaft Energieverteilung}}
}


@unpublished{5,
 author = {Moehrlein, Elke},
 title = {{Dokumentationssystem {IEC} / {OTC}}},
 keywords = {Dokumentation;OTC;Training},
 file = {4734fcb3-36d5-4cef-a128-5f85935ff434:C\:\\Users\\z003nv5j\\AppData\\Local\\Swiss Academic Software\\Citavi 6\\ProjectCache\\p2dpj146dnq8ckykhhg5wgvl53lg6y2n0rzqivtmi4c\\Citavi Attachments\\4734fcb3-36d5-4cef-a128-5f85935ff434.pdf:pdf}
}



@misc{6,
 year = {2020-04-04T01:31:08.000Z},
 title = {{Apache Velocity Engine - User Guide}},
 url = {https://velocity.apache.org/engine/1.7/user-guide.html\#what-is-velocity},
 urldate = {6/29/2020}
}


@misc{8,
 abstract = {Pop},
 year = {2020-06-29T13:26:35.000Z},
 title = {{Polarion Extensions}},
 url = {https://extensions.polarion.com/extensions/134-fmc-work-item-save},
 urldate = {6/29/2020}
}

@article{9,
 author = {Esters, Paul-Heinz},
 title = {{MTP-Konzept}}
}


@article{10,
 author = {Kurze, W.},
 title = {{TC{\_}29102{\_}H002{\_}BBT010{\_}02 Design Guide Testing HVDC 1.0 Training}}
}

@misc{11,
 author = {Paschotta, R{\"u}diger},
 url = {https://www.energie-lexikon.info/hochspannungs_gleichstromuebertragung.html}
}

@article{12,
 author = {Esters, Paul-Heinz},
 title = {{TC{\_}29102{\_}H002{\_}BBT010{\_}02 Design Guide Testing HVDC 2.0 Training}}
}


@misc{13,
 author = {Polarion},
 title = {{User and Administration Help: Advanced querying}},
 url = {https://almdemo.polarion.com/polarion/help/index.jsp?topic={\%}2Fcom.polarion.xray.doc.user{\%}2Fguide{\%}2Fxid1570724.html}
}


@misc{14,
 author = {Polarion},
 title = {{Polarion API}},
 url = {https://almdemo.polarion.com/polarion/sdk/doc/javadoc/com/polarion/platform/persistence/model/IPObject.html\#setEnumerationValue(java.lang.String,java.lang.String)}
}

@misc{15,
 author = {w3schools},
 title = {https://www.w3schools.com/jsref/jsref{\_}replace.asp},
 url = {https://www.w3schools.com/jsref/jsref_replace.asp}
}


@misc{16,
 author = {w3schools},
 title = {{JavaScript String search() Method}},
 url = {https://www.w3schools.com/jsref/jsref_search.asp}
}


@misc{17,
 author = {Polarion},
 title = {{Polarion SDK Dokumentation}},
 url = {https://almdemo.polarion.com/polarion/sdk/doc/sdk.pdf}
}


@unpublished{18,
 author = {Polarion},
 title = {{Advanced Wiki Training {\_} Training Materials {\_} Documents {\&} Pages {\_} PolarionTraining}},
 file = {19021a2a-be3f-4bb6-a142-0043d368d668:C\:\\Users\\z003nv5j\\AppData\\Local\\Swiss Academic Software\\Citavi 6\\ProjectCache\\p2dpj146dnq8ckykhhg5wgvl53lg6y2n0rzqivtmi4c\\Citavi Attachments\\19021a2a-be3f-4bb6-a142-0043d368d668.pdf:pdf}
}


@misc{19,
 author = {Polarion},
 title = {{Polarion API: All Classes}},
 url = {https://almdemo.polarion.com/polarion/sdk/doc/javadoc/allclasses-frame.html}
}


@unpublished{20,
 author = {Moosburger},
 title = {{Object Type Catalouge(OTC)}},
 file = {ff18dc7e-c491-4d86-aa5d-3ebc171e6afa:C\:\\Users\\z003nv5j\\AppData\\Local\\Swiss Academic Software\\Citavi 6\\ProjectCache\\p2dpj146dnq8ckykhhg5wgvl53lg6y2n0rzqivtmi4c\\Citavi Attachments\\ff18dc7e-c491-4d86-aa5d-3ebc171e6afa.xlsx:xlsx}
}


@misc{21,
 author = {DateiEndung.com},
 title = {{.jsp Dateiendung}},
 url = {https://www.dateiendung.com/format/jsp}
}


















